@book{edelsbrunner2010computational,
  title={Computational topology: an introduction},
  author={Edelsbrunner, Herbert and Harer, John},
  year={2010},
  publisher={American Mathematical Soc.}
}

@article{bubenik2015statistical,
  title={Statistical topological data analysis using persistence landscapes},
  author={Bubenik, Peter},
  journal={The Journal of Machine Learning Research},
  volume={16},
  number={1},
  pages={77--102},
  year={2015},
  publisher={JMLR. org}
}

@inproceedings{chazal2014stochastic,
  title={Stochastic convergence of persistence landscapes and silhouettes},
  author={Chazal, Fr{\'e}d{\'e}ric and Fasy, Brittany Terese and Lecci, Fabrizio and Rinaldo, Alessandro and Wasserman, Larry},
  booktitle={Proceedings of the thirtieth annual symposium on Computational geometry},
  pages={474--483},
  year={2014},
  doi = {10.1145/2582112.2582128}
}

@article{adams2017persistence,
  title={Persistence images: A stable vector representation of persistent homology},
  author={Adams, Henry and Emerson, Tegan and Kirby, Michael and Neville, Rachel and Peterson, Chris and Shipman, Patrick and Chepushtanova, Sofya and Hanson, Eric and Motta, Francis and Ziegelmeier, Lori},
  journal={The Journal of Machine Learning Research},
  volume={18},
  number={1},
  pages={218--252},
  year={2017},
  publisher={JMLR. org}
}

@article{Carlsson:2009,
  title={Topology and Data},
  author={Carlsson, G.},
  journal={Bulletin of the American Mathematical Society},
  volume={46},
  number={2},
  year={2009},
  doi={10.1090/S0273-0979-09-01249-X}
}

@article{chung2022persistence,
	title={Persistence curves: A canonical framework for summarizing persistence diagrams},
	author={Chung, Yu-Min and Lawson, Austin},
	journal={Advances in Computational Mathematics},
	volume={48},
	number={1},
	pages={1--42},
	year={2022},
	publisher={Springer},
	doi={10.1007/s10444-021-09893-4}
}

@article{chazal2021introduction,
	title={An introduction to topological data analysis: fundamental and practical aspects for data scientists},
	author={Chazal, Fr{\'e}d{\'e}ric and Michel, Bertrand},
	journal={Frontiers in artificial intelligence},
	volume={4},
	year={2021},
	publisher={Frontiers Media SA},
	doi={10.3389/frai.2021.667963}
}

@article{hensel2021survey,
	title={A survey of topological machine learning methods},
	author={Hensel, Felix and Moor, Michael and Rieck, Bastian},
	journal={Frontiers in Artificial Intelligence},
	volume={4},
	pages={681108},
	year={2021},
	publisher={Frontiers Media SA},
	doi={10.3389/frai.2021.681108}
}

@Manual{TDAvec,
	title = {TDAvec: Vector Summaries of Persistence Diagrams},
	author = {Umar Islambekov and Alexey Luchinsky},
	year = {2022},
	note = {R package version 0.1.2},
	url = {https://CRAN.R-project.org/package=TDAvec},
	doi={10.32614/CRAN.package.TDAvec}
}

@Manual{TDA,
	title = {TDA: Statistical Tools for Topological Data Analysis},
	author = {Brittany T. Fasy and Jisu Kim and Fabrizio Lecci and Clement Maria and David L. Millman and Vincent Rouvreau.},
	year = {2021},
	note = {R package version 1.7.7},
	url = {https://CRAN.R-project.org/package=TDA},
	doi={10.32614/CRAN.package.TDA}
}

  @article{wadhwa2018tdastats,
	title = {TDAstats: R pipeline for computing persistent homology in topological data analysis},
	author = {Raoul R. Wadhwa and Drew F. K. Williamson and Andrew Dhawan and Jacob G. Scott},
	journal = {Journal of Open Source Software},
	year = {2018},
	volume = {3},
	number = {28},
	pages = {860},
	url = {https://doi.org/10.21105/joss.00860},
	doi = {10.21105/joss.00860}
}

@Manual{kernelTDA,
	title = {kernelTDA: Statistical Learning with Kernel for Persistence Diagrams},
	author = {Tullia Padellini and Francesco Palini},
	year = {2020},
	note = {R package version 1.0.0},
	url = {https://CRAN.R-project.org/package=kernelTDA}
}

@Manual{TDAmapper,
	title = {TDAmapper: Topological Data Analysis using Mapper},
	author = {Paul Pearson and Daniel Muellner and Gurjeet Singh},
	year = {2015},
	note = {R package version 1.0},
	url = {https://github.com/paultpearson/TDAmapper}
}

@Manual{TDAkit,
	title = {TDAkit: Toolkit for Topological Data Analysis},
	author = {Kisung You and Byeongsu Yu},
	year = {2021},
	note = {R package version 0.1.2},
	url = {https://CRAN.R-project.org/package=TDAkit},
	doi={10.32614/cran.package.tdakit}
}

@Manual{tdaunif,
	title = {tdaunif: Uniform Manifold Samplers for Topological Data Analysis},
	author = {Jason C. Brunson and Brandon Demkowicz and  Sanmati Choudhary},
	year = {2024},
	note = {R package version 0.2.0},
	url = {https://CRAN.R-project.org/package=tdaunif},
	doi={10.32614/CRAN.package.tdaunif}
}

@Manual{TDApplied,
	title = {TDApplied: Machine Learning and Inference for Topological Data Analysis},
	author = {Shael Brown and Reza Farivar},
	year = {2024},
	note = {R package version 3.0.3},
	url = {https://CRAN.R-project.org/package=TDApplied},
	doi={10.32614/cran.package.tdapplied}
}

@Manual{ripserr,
	title = {ripserr: Calculate Persistent Homology with Ripser-Based Engines},
	author = {Raoul Wadhwa and Matt Piekenbrock and Jacob Scott},
	year = {2020},
	note = {R package version 0.1.1},
	url = {https://CRAN.R-project.org/package=ripserr},
	doi={10.32614/CRAN.package.ripserr}
}

@article{atienza2020stability,
	title={On the stability of persistent entropy and new summary functions for topological data analysis},
	author={Atienza, Nieves and Gonzalez-Diaz, Rocio and Soriano-Trigueros, Manuel},
	journal={Pattern Recognition},
	volume={107},
	pages={107509},
	year={2020},
	publisher={Elsevier},
	doi={10.1016/j.patcog.2020.107509}
}

@article{richardson2014efficient,
	title={Efficient classification using the Euler characteristic},
	author={Richardson, Eitan and Werman, Michael},
	journal={Pattern Recognition Letters},
	volume={49},
	pages={99--106},
	year={2014},
	publisher={Elsevier},
	doi={10.1016/j.patrec.2014.07.001}
}

@article{chan2022computationally,
	title={A computationally efficient framework for vector representation of persistence diagrams},
	author={Chan, Kit C and Islambekov, Umar and Luchinsky, Alexey and Sanders, Rebecca},
	journal={Journal of Machine Learning Research},
	volume={23},
	number={268},
	pages={1--33},
	year={2022}
}

@incollection{nanda2013simplicial,
	title={Simplicial models and topological inference in biological systems},
	author={Nanda, Vidit and Sazdanovic, Radmila},
	booktitle={Discrete and topological models in molecular biology},
	pages={109--141},
	year={2013},
	publisher={Springer},
	address = {Berlin, Heidelberg},
	doi={10.1007/978-3-642-40193-0_6}
}

@article{Bauer2021Ripser,
	AUTHOR = {Bauer, Ulrich},
	TITLE = {Ripser: efficient computation of {V}ietoris-{R}ips persistence
	barcodes},
	JOURNAL = {J. Appl. Comput. Topol.},
	FJOURNAL = {Journal of Applied and Computational Topology},
	VOLUME = {5},
	YEAR = {2021},
	NUMBER = {3},
	PAGES = {391--423},
	ISSN = {2367-1726},
	MRCLASS = {55N31 (55-04)},
	MRNUMBER = {4298669},
	DOI = {10.1007/s41468-021-00071-5},
	URL = {https://doi.org/10.1007/s41468-021-00071-5},
}

  @Book{ggplot2,
	author = {Hadley Wickham},
	title = {ggplot2: Elegant Graphics for Data Analysis},
	publisher = {Springer-Verlag New York},
	year = {2016},
	isbn = {978-3-319-24277-4},
	url = {https://ggplot2.tidyverse.org},
}

  @Manual{Rcpp,
	title = {Rcpp: Seamless R and C++ Integration},
	author = {Dirk Eddelbuettel and Romain Francois and JJ Allaire and
	Kevin Ushey and Qiang Kou and Nathan Russell and Inaki Ucar and
	Douglas Bates and John Chambers},
	year = {2024},
	note = {R package version 1.0.13},
	url = {https://CRAN.R-project.org/package=Rcpp},
	doi={10.32614/CRAN.package.Rcpp}
}

@online{awesome-tda:2024,
	url = {https://github.com/FatemehTarashi/awesome-tda},
	title        = {Awesome-TDA},
	year         = {2024},
	urldate = {2024-08-12}
}

@article{tauzin2021giotto,
  title={giotto-tda:: A topological data analysis toolkit for machine learning and data exploration},
  author={Tauzin, Guillaume and Lupo, Umberto and Tunstall, Lewis and P{\'e}rez, Julian Burella and Caorsi, Matteo and Medina-Mardones, Anibal M and Dassatti, Alberto and Hess, Kathryn},
  journal={Journal of Machine Learning Research},
  volume={22},
  number={39},
  pages={1--6},
  year={2021}
}

@article{christopher2018lean,
  title={A lean persistent homology library for python},
  author={Christopher, T and Nathaniel, S and Rann, BO},
  journal={Open J},
  volume={925},
  year={2018}
}

@article{van2019kepler,
  title={Kepler Mapper: A flexible Python implementation of the Mapper algorithm.},
  author={Van Veen, Hendrik Jacob and Saul, Nathaniel and Eargle, David and Mangham, Sam W},
  journal={Journal of Open Source Software},
  volume={4},
  number={42},
  pages={1315},
  year={2019}
}

@misc{rouvreau2020gudhi,
  title={GUDHI User and Reference Manual},
  author={Rouvreau, V},
  year={2020},
  publisher={GUDHI Editorial Board}
}

@online{Dionysus2,
  url = {https://github.com/mrzv/dionysus},
  author={Dmitriy Morozov},
  title        = {Dionysus 2 â€“ library for computing persistent homology},
  year         = {2018}
}

@online{Persim,
  url = {https://persim.scikit-tda.org/en/latest/},
  author={Nathaniel Saul},
  title        = {Persim 0.3.7},
  year         = {2019}
}

@misc{scikittda2019,
    author       = {Nathaniel Saul and Chris Tralie},
    title        = {Scikit-TDA: Topological Data Analysis for Python},
    year         = 2019,
    doi          = {10.5281/zenodo.2533369},
    url          = {https://doi.org/10.5281/zenodo.2533369}
}

@online{pyTDAvec:2024,
    author = {Aleksei Luchinsky and Umar Islambekov},
	url = {https://github.com/ALuchinsky/tdavect},
	title        = {Python interface to TDAvec library},
	year         = {2024},
	urldate = {2024-09-14}
}
